@BOOK{grundkurscpp,
  AUTHOR       = "JÃ¼rgen Wolf",
  TITLE        = "Grundkurs C++",
  PUBLISHER    = "Galileo Computing",
  YEAR         = "2010",
  ISBN         = "978-3836222945"
}

978-1849696845

@BOOK{sfml_gamedev,
  AUTHOR       = "Vogelius-Hansson, Henrik and Moreira, Arthur and Haller, Jan",
  TITLE        = "SFML Game Development",
  PUBLISHER    = "Packt Publishing",
  YEAR         = "2013",
  ISBN         = "978-1849696845"
}